%Entries

@article{carbone2015apache,
  title={Apache flink: Stream and batch processing in a single engine},
  author={Carbone, Paris and Katsifodimos, Asterios and Ewen, Stephan and Markl, Volker and Haridi, Seif and Tzoumas, Kostas},
  journal={Bulletin of the IEEE Computer Society Technical Committee on Data Engineering},
  volume={36},
  number={4},
  year={2015},
  publisher={IEEE Computer Society}
}

@inproceedings{stergiou2017distributed,
  title={Distributed negative sampling for word embeddings},
  author={Stergiou, Stergios and Straznickas, Zygimantas and Wu, Rolina and Tsioutsiouliklis, Kostas},
  booktitle={Proceedings of the AAAI Conference on Artificial Intelligence},
  volume={31},
  number={1},
  year={2017}
}

@misc{tensorflow2015-whitepaper,
title={ {TensorFlow}: Large-Scale Machine Learning on Heterogeneous Systems},
url={https://www.tensorflow.org/},
note={Software available from tensorflow.org},
author={
    Mart\'{\i}n~Abadi and
    Ashish~Agarwal and
    Paul~Barham and
    Eugene~Brevdo and
    Zhifeng~Chen and
    Craig~Citro and
    Greg~S.~Corrado and
    Andy~Davis and
    Jeffrey~Dean and
    Matthieu~Devin and
    Sanjay~Ghemawat and
    Ian~Goodfellow and
    Andrew~Harp and
    Geoffrey~Irving and
    Michael~Isard and
    Yangqing Jia and
    Rafal~Jozefowicz and
    Lukasz~Kaiser and
    Manjunath~Kudlur and
    Josh~Levenberg and
    Dandelion~Man\'{e} and
    Rajat~Monga and
    Sherry~Moore and
    Derek~Murray and
    Chris~Olah and
    Mike~Schuster and
    Jonathon~Shlens and
    Benoit~Steiner and
    Ilya~Sutskever and
    Kunal~Talwar and
    Paul~Tucker and
    Vincent~Vanhoucke and
    Vijay~Vasudevan and
    Fernanda~Vi\'{e}gas and
    Oriol~Vinyals and
    Pete~Warden and
    Martin~Wattenberg and
    Martin~Wicke and
    Yuan~Yu and
    Xiaoqiang~Zheng},
  year={2015},
}

@article{meng2016mllib,
  title={Mllib: Machine learning in apache spark},
  author={Meng, Xiangrui and Bradley, Joseph and Yavuz, Burak and Sparks, Evan and Venkataraman, Shivaram and Liu, Davies and Freeman, Jeremy and Tsai, DB and Amde, Manish and Owen, Sean and others},
  journal={The Journal of Machine Learning Research},
  volume={17},
  number={1},
  pages={1235--1241},
  year={2016},
  publisher={JMLR. org}
}


@inproceedings{balalaie2015migrating,
  title={Migrating to cloud-native architectures using microservices: an experience report},
  author={Balalaie, Armin and Heydarnoori, Abbas and Jamshidi, Pooyan},
  booktitle={European Conference on Service-Oriented and Cloud Computing},
  pages={201--215},
  year={2015},
  organization={Springer}
}

@article{zaharia2016apache,
  title={Apache spark: a unified engine for big data processing},
  author={Zaharia, Matei and Xin, Reynold S and Wendell, Patrick and Das, Tathagata and Armbrust, Michael and Dave, Ankur and Meng, Xiangrui and Rosen, Josh and Venkataraman, Shivaram and Franklin, Michael J and others},
  journal={Communications of the ACM},
  volume={59},
  number={11},
  pages={56--65},
  year={2016},
  publisher={ACM New York, NY, USA}
}

@inproceedings{dai2019bigdl,
  title={Bigdl: A distributed deep learning framework for big data},
  author={Dai, Jason Jinquan and Wang, Yiheng and Qiu, Xin and Ding, Ding and Zhang, Yao and Wang, Yanzhang and Jia, Xianyan and Zhang, Cherry Li and Wan, Yan and Li, Zhichao and others},
  booktitle={Proceedings of the ACM Symposium on Cloud Computing},
  pages={50--60},
  year={2019}
}

@misc{sigmodblog,
   author = {Michael Stonebraker},
   title = {THE CASE FOR POLYSTORES},
   year={2015},
   howpublished = {\url{http://wp.sigmod.org/?p=1629}}
}

@misc{beam2017apache,
  title={Apache Beam: An advanced unified programming model},
  author={Beam, Apache},
  year={2017}
}

@misc{cncfsurvey,
   author = {CNCF},
   title = {Cloud Native Survey 2020: Containers in production jump 300\% from our first survey},
   year={2020},
   howpublished = {\url{https://www.cncf.io/blog/2020/11/17/cloud-native-survey-2020-containers-in-production-jump-300-from-our-first-survey/}}
}


@misc{giraph,
   author = {Giraph, Apache},
   title = {Welcome to Apache Giraph!},
   year={2011},
   howpublished = {\url{https://giraph.apache.org}}
}

@inproceedings{gog2015musketeer,
  title={Musketeer: all for one, one for all in data processing systems},
  author={Gog, Ionel and Schwarzkopf, Malte and Crooks, Natacha and Grosvenor, Matthew P and Clement, Allen and Hand, Steven},
  booktitle={Proceedings of the Tenth European Conference on Computer Systems},
  pages={1--16},
  year={2015}
}

@article{hausenblas2013apache,
  title={Apache drill: interactive ad-hoc analysis at scale},
  author={Hausenblas, Michael and Nadeau, Jacques},
  journal={Big data},
  volume={1},
  number={2},
  pages={100--104},
  year={2013},
  publisher={Mary Ann Liebert, Inc. 140 Huguenot Street, 3rd Floor New Rochelle, NY 10801 USA}
}

@inproceedings{agrawal2016rheem,
  title={Rheem: Enabling multi-platform task execution},
  author={Agrawal, Divy and Ba, Lamine and Berti-Equille, Laure and Chawla, Sanjay and Elmagarmid, Ahmed and Hammady, Hossam and Idris, Yasser and Kaoudi, Zoi and Khayyat, Zuhair and Kruse, Sebastian and others},
  booktitle={Proceedings of the 2016 International Conference on Management of Data},
  pages={2069--2072},
  year={2016}
}


@inproceedings{paszke2019pytorch,
  title={Pytorch: An imperative style, high-performance deep learning library},
  author={Paszke, Adam and Gross, Sam and Massa, Francisco and Lerer, Adam and Bradbury, James and Chanan, Gregory and Killeen, Trevor and Lin, Zeming and Gimelshein, Natalia and Antiga, Luca and others},
  booktitle={Advances in neural information processing systems},
  pages={8026--8037},
  year={2019}
}

@inproceedings{huang2015tencentrec,
  title={Tencentrec: Real-time stream recommendation in practice},
  author={Huang, Yanxiang and Cui, Bin and Zhang, Wenyu and Jiang, Jie and Xu, Ying},
  booktitle={Proceedings of the 2015 ACM SIGMOD International Conference on Management of Data},
  pages={227--238},
  year={2015}
}

@inproceedings{shvachko2010hadoop,
  title={The hadoop distributed file system},
  author={Shvachko, Konstantin and Kuang, Hairong and Radia, Sanjay and Chansler, Robert},
  booktitle={2010 IEEE 26th symposium on mass storage systems and technologies (MSST)},
  pages={1--10},
  year={2010},
  organization={Ieee}
}

@inproceedings{malakar2018benchmarking,
  title={Benchmarking machine learning methods for performance modeling of scientific applications},
  author={Malakar, Preeti and Balaprakash, Prasanna and Vishwanath, Venkatram and Morozov, Vitali and Kumaran, Kalyan},
  booktitle={2018 IEEE/ACM Performance Modeling, Benchmarking and Simulation of High Performance Computer Systems (PMBS)},
  pages={33--44},
  year={2018},
  organization={IEEE}
}

@inproceedings{yan2015performance,
  title={Performance modeling and scalability optimization of distributed deep learning systems},
  author={Yan, Feng and Ruwase, Olatunji and He, Yuxiong and Chilimbi, Trishul},
  booktitle={Proceedings of the 21th ACM SIGKDD International Conference on Knowledge Discovery and Data Mining},
  pages={1355--1364},
  year={2015}
}

@inproceedings{gadepally2016bigdawg,
  title={The bigdawg polystore system and architecture},
  author={Gadepally, Vijay and Chen, Peinan and Duggan, Jennie and Elmore, Aaron and Haynes, Brandon and Kepner, Jeremy and Madden, Samuel and Mattson, Tim and Stonebraker, Michael},
  booktitle={2016 IEEE High Performance Extreme Computing Conference (HPEC)},
  pages={1--6},
  year={2016},
  organization={IEEE}
}

@inproceedings{kyrola2012graphchi,
  title={Graphchi: Large-scale graph computation on just a $\{$PC$\}$},
  author={Kyrola, Aapo and Blelloch, Guy and Guestrin, Carlos},
  booktitle={Presented as part of the 10th $\{$USENIX$\}$ Symposium on Operating Systems Design and Implementation ($\{$OSDI$\}$ 12)},
  pages={31--46},
  year={2012}
}

@inproceedings{gonzalez2014graphx,
  title={Graphx: Graph processing in a distributed dataflow framework},
  author={Gonzalez, Joseph E and Xin, Reynold S and Dave, Ankur and Crankshaw, Daniel and Franklin, Michael J and Stoica, Ion},
  booktitle={11th $\{$USENIX$\}$ Symposium on Operating Systems Design and Implementation ($\{$OSDI$\}$ 14)},
  pages={599--613},
  year={2014}
}

@article{scarselli2008graph,
  title={The graph neural network model},
  author={Scarselli, Franco and Gori, Marco and Tsoi, Ah Chung and Hagenbuchner, Markus and Monfardini, Gabriele},
  journal={IEEE Transactions on Neural Networks},
  volume={20},
  number={1},
  pages={61--80},
  year={2008},
  publisher={IEEE}
}

@inproceedings{malakar2018benchmarking,
  title={Benchmarking machine learning methods for performance modeling of scientific applications},
  author={Malakar, Preeti and Balaprakash, Prasanna and Vishwanath, Venkatram and Morozov, Vitali and Kumaran, Kalyan},
  booktitle={2018 IEEE/ACM Performance Modeling, Benchmarking and Simulation of High Performance Computer Systems (PMBS)},
  pages={33--44},
  year={2018},
  organization={IEEE}
}

@article{hochreiter1997long,
  title={Long short-term memory},
  author={Hochreiter, Sepp and Schmidhuber, J{\"u}rgen},
  journal={Neural computation},
  volume={9},
  number={8},
  pages={1735--1780},
  year={1997},
  publisher={MIT Press}
}

@inproceedings{kaoudi2020ml,
  title={ML-based cross-platform query optimization},
  author={Kaoudi, Zoi and Quian{\'e}-Ruiz, Jorge-Arnulfo and Contreras-Rojas, Bertty and Pardo-Meza, Rodrigo and Troudi, Anis and Chawla, Sanjay},
  booktitle={2020 IEEE 36th International Conference on Data Engineering (ICDE)},
  pages={1489--1500},
  year={2020},
  organization={IEEE}
}
@article{baldi2013understanding,
  title={Understanding dropout},
  author={Baldi, Pierre and Sadowski, Peter J},
  journal={Advances in neural information processing systems},
  volume={26},
  pages={2814--2822},
  year={2013}
}

@article{srivastava2014dropout,
  title={Dropout: a simple way to prevent neural networks from overfitting},
  author={Srivastava, Nitish and Hinton, Geoffrey and Krizhevsky, Alex and Sutskever, Ilya and Salakhutdinov, Ruslan},
  journal={The journal of machine learning research},
  volume={15},
  number={1},
  pages={1929--1958},
  year={2014},
  publisher={JMLR. org}
}
@article{hahnloser2000digital,
  title={Digital selection and analogue amplification coexist in a cortex-inspired silicon circuit},
  author={Hahnloser, Richard HR and Sarpeshkar, Rahul and Mahowald, Misha A and Douglas, Rodney J and Seung, H Sebastian},
  journal={Nature},
  volume={405},
  number={6789},
  pages={947--951},
  year={2000},
  publisher={Nature Publishing Group}
}
@inproceedings{dai2017deformable,
  title={Deformable convolutional networks},
  author={Dai, Jifeng and Qi, Haozhi and Xiong, Yuwen and Li, Yi and Zhang, Guodong and Hu, Han and Wei, Yichen},
  booktitle={Proceedings of the IEEE international conference on computer vision},
  pages={764--773},
  year={2017}
}

@inproceedings{wu2019simplifying,
  title={Simplifying graph convolutional networks},
  author={Wu, Felix and Souza, Amauri and Zhang, Tianyi and Fifty, Christopher and Yu, Tao and Weinberger, Kilian},
  booktitle={International conference on machine learning},
  pages={6861--6871},
  year={2019},
  organization={PMLR}
}

@incollection{bhagat2011node,
  title={Node classification in social networks},
  author={Bhagat, Smriti and Cormode, Graham and Muthukrishnan, S},
  booktitle={Social network data analytics},
  pages={115--148},
  year={2011},
  publisher={Springer}
}

@article{kipf2016semi,
  title={Semi-supervised classification with graph convolutional networks},
  author={Kipf, Thomas N and Welling, Max},
  journal={arXiv preprint arXiv:1609.02907},
  year={2016}
}

@inproceedings{mohamed2020social,
  title={Social-STGCNN: A Social Spatio-Temporal Graph Convolutional Neural Network for Human Trajectory Prediction},
  author={Mohamed, Abduallah and Qian, Kun and Elhoseiny, Mohamed and Claudel, Christian},
  booktitle={Proceedings of the IEEE/CVF Conference on Computer Vision and Pattern Recognition},
  pages={14424--14432},
  year={2020}
}

@article{thomas2018comparative,
  title={A comparative evaluation of systems for scalable linear algebra-based analytics},
  author={Thomas, Anthony and Kumar, Arun},
  journal={Proceedings of the VLDB Endowment},
  volume={11},
  number={13},
  pages={2168--2182},
  year={2018},
  publisher={VLDB Endowment}
}

@article{kunft2019intermediate,
  title={An intermediate representation for optimizing machine learning pipelines},
  author={Kunft, Andreas and Katsifodimos, Asterios and Schelter, Sebastian and Bre{\ss}, Sebastian and Rabl, Tilmann and Markl, Volker},
  journal={Proceedings of the VLDB Endowment},
  volume={12},
  number={11},
  pages={1553--1567},
  year={2019},
  publisher={VLDB Endowment}
}

@article{kunft2017blockjoin,
  title={Blockjoin: Efficient matrix partitioning through joins},
  author={Kunft, Andreas and Katsifodimos, Asterios and Schelter, Sebastian and Rabl, Tilmann and Markl, Volker},
  journal={Proceedings of the VLDB Endowment},
  volume={10},
  number={13},
  pages={2061--2072},
  year={2017},
  publisher={VLDB Endowment}
}

@inproceedings{bosagh2016matrix,
  title={Matrix computations and optimization in apache spark},
  author={Bosagh Zadeh, Reza and Meng, Xiangrui and Ulanov, Alexander and Yavuz, Burak and Pu, Li and Venkataraman, Shivaram and Sparks, Evan and Staple, Aaron and Zaharia, Matei},
  booktitle={Proceedings of the 22nd ACM SIGKDD International Conference on Knowledge Discovery and Data Mining},
  pages={31--38},
  year={2016}
}
@inproceedings{gittens2018accelerating,
  title={Accelerating large-scale data analysis by offloading to high-performance computing libraries using alchemist},
  author={Gittens, Alex and Rothauge, Kai and Wang, Shusen and Mahoney, Michael W and Gerhardt, Lisa and Kottalam, Jey and Ringenburg, Michael and Maschhoff, Kristyn},
  booktitle={Proceedings of the 24th ACM SIGKDD International Conference on Knowledge Discovery \& Data Mining},
  pages={293--301},
  year={2018}
}

@inproceedings{hutchison2017laradb,
  title={LaraDB: A minimalist kernel for linear and relational algebra computation},
  author={Hutchison, Dylan and Howe, Bill and Suciu, Dan},
  booktitle={Proceedings of the 4th ACM SIGMOD Workshop on Algorithms and Systems for MapReduce and Beyond},
  pages={1--10},
  year={2017}
}

@inproceedings{alexandrov2016emma,
  title={Emma in action: Declarative dataflows for scalable data analysis},
  author={Alexandrov, Alexander and Salzmann, Andreas and Krastev, Georgi and Katsifodimos, Asterios and Markl, Volker},
  booktitle={Proceedings of the 2016 International Conference on Management of Data},
  pages={2073--2076},
  year={2016}
}
@article{vernoux2016design,
  title={Design of an intermediate representation for query languages},
  author={Vernoux, Romain},
  journal={arXiv preprint arXiv:1607.04197},
  year={2016}
}

@inproceedings{moritz2018ray,
  title={Ray: A distributed framework for emerging $\{$AI$\}$ applications},
  author={Moritz, Philipp and Nishihara, Robert and Wang, Stephanie and Tumanov, Alexey and Liaw, Richard and Liang, Eric and Elibol, Melih and Yang, Zongheng and Paul, William and Jordan, Michael I and others},
  booktitle={13th $\{$USENIX$\}$ Symposium on Operating Systems Design and Implementation ($\{$OSDI$\}$ 18)},
  pages={561--577},
  year={2018}
}

@article{anderson2017bridging,
  title={Bridging the gap between HPC and big data frameworks},
  author={Anderson, Michael and Smith, Shaden and Sundaram, Narayanan and Capot{\u{a}}, Mihai and Zhao, Zheguang and Dulloor, Subramanya and Satish, Nadathur and Willke, Theodore L},
  journal={Proceedings of the VLDB Endowment},
  volume={10},
  number={8},
  pages={901--912},
  year={2017},
  publisher={VLDB Endowment}
}

@article{mattson2019mlperf,
  title={Mlperf training benchmark},
  author={Mattson, Peter and Cheng, Christine and Coleman, Cody and Diamos, Greg and Micikevicius, Paulius and Patterson, David and Tang, Hanlin and Wei, Gu-Yeon and Bailis, Peter and Bittorf, Victor and others},
  journal={arXiv preprint arXiv:1910.01500},
  year={2019}
}
@inproceedings{peng2018optimus,
  title={Optimus: an efficient dynamic resource scheduler for deep learning clusters},
  author={Peng, Yanghua and Bao, Yixin and Chen, Yangrui and Wu, Chuan and Guo, Chuanxiong},
  booktitle={Proceedings of the Thirteenth EuroSys Conference},
  pages={1--14},
  year={2018}
}

@inproceedings{yan2015performance,
  title={Performance modeling and scalability optimization of distributed deep learning systems},
  author={Yan, Feng and Ruwase, Olatunji and He, Yuxiong and Chilimbi, Trishul},
  booktitle={Proceedings of the 21th ACM SIGKDD International Conference on Knowledge Discovery and Data Mining},
  pages={1355--1364},
  year={2015}
}

@article{witt2019predictive,
  title={Predictive performance modeling for distributed batch processing using black box monitoring and machine learning},
  author={Witt, Carl and Bux, Marc and Gusew, Wladislaw and Leser, Ulf},
  journal={Information Systems},
  volume={82},
  pages={33--52},
  year={2019},
  publisher={Elsevier}
}

@article{cudre2009demonstration,
  title={A demonstration of SciDB: a science-oriented DBMS},
  author={Cudr{\'e}-Mauroux, Philippe and Kimura, Hideaki and Lim, K-T and Rogers, Jennie and Simakov, Roman and Soroush, Emad and Velikhov, Pavel and Wang, Daniel L and Balazinska, Magdalena and Becla, Jacek and others},
  journal={Proceedings of the VLDB Endowment},
  volume={2},
  number={2},
  pages={1534--1537},
  year={2009},
  publisher={VLDB Endowment}
}

@article{petersohn2020towards,
  title={Towards scalable dataframe systems},
  author={Petersohn, Devin and Macke, Stephen and Xin, Doris and Ma, William and Lee, Doris and Mo, Xiangxi and Gonzalez, Joseph E and Hellerstein, Joseph M and Joseph, Anthony D and Parameswaran, Aditya},
  journal={arXiv preprint arXiv:2001.00888},
  year={2020}
}

@article{misale2017comparison,
  title={A comparison of big data frameworks on a layered dataflow model},
  author={Misale, Claudia and Drocco, Maurizio and Aldinucci, Marco and Tremblay, Guy},
  journal={Parallel Processing Letters},
  volume={27},
  number={01},
  pages={1740003},
  year={2017},
  publisher={World Scientific}
}

@inproceedings{dziedzic2016data,
  title={Data transformation and migration in polystores},
  author={Dziedzic, Adam and Elmore, Aaron J and Stonebraker, Michael},
  booktitle={2016 IEEE High Performance Extreme Computing Conference (HPEC)},
  pages={1--6},
  year={2016},
  organization={IEEE}
}

@inproceedings{marcu2016spark,
  title={Spark versus flink: Understanding performance in big data analytics frameworks},
  author={Marcu, Ovidiu-Cristian and Costan, Alexandru and Antoniu, Gabriel and P{\'e}rez-Hern{\'a}ndez, Mar{\'\i}a S},
  booktitle={2016 IEEE International Conference on Cluster Computing (CLUSTER)},
  pages={433--442},
  year={2016},
  organization={IEEE}
}

@article{mikolov2013efficient,
  title={Efficient estimation of word representations in vector space},
  author={Mikolov, Tomas and Chen, Kai and Corrado, Greg and Dean, Jeffrey},
  journal={arXiv preprint arXiv:1301.3781},
  year={2013}
}
@inproceedings{armbrust2015spark,
  title={Spark sql: Relational data processing in spark},
  author={Armbrust, Michael and Xin, Reynold S and Lian, Cheng and Huai, Yin and Liu, Davies and Bradley, Joseph K and Meng, Xiangrui and Kaftan, Tomer and Franklin, Michael J and Ghodsi, Ali and others},
  booktitle={Proceedings of the 2015 ACM SIGMOD international conference on management of data},
  pages={1383--1394},
  year={2015}
}
@article{lu2019multi,
  title={Multi-model databases: a new journey to handle the variety of data},
  author={Lu, Jiaheng and Holubov{\'a}, Irena},
  journal={ACM Computing Surveys (CSUR)},
  volume={52},
  number={3},
  pages={1--38},
  year={2019},
  publisher={ACM New York, NY, USA}
}

@inproceedings{tan2017enabling,
  title={Enabling query processing across heterogeneous data models: A survey},
  author={Tan, Ran and Chirkova, Rada and Gadepally, Vijay and Mattson, Timothy G},
  booktitle={2017 IEEE International Conference on Big Data (Big Data)},
  pages={3211--3220},
  year={2017},
  organization={IEEE}
}

@inproceedings{wang2017myria,
  title={The Myria Big Data Management and Analytics System and Cloud Services.},
  author={Wang, Jingjing and Baker, Tobin and Balazinska, Magdalena and Halperin, Daniel and Haynes, Brandon and Howe, Bill and Hutchison, Dylan and Jain, Shrainik and Maas, Ryan and Mehta, Parmita and others},
  booktitle={CIDR},
  year={2017}
}
@inproceedings{gadepally2015d4m,
  title={D4M: Bringing associative arrays to database engines},
  author={Gadepally, Vijay and Kepner, Jeremy and Arcand, William and Bestor, David and Bergeron, Bill and Byun, Chansup and Edwards, Lauren and Hubbell, Matthew and Michaleas, Peter and Mullen, Julie and others},
  booktitle={2015 IEEE High Performance Extreme Computing Conference (HPEC)},
  pages={1--6},
  year={2015},
  organization={IEEE}
}
@inproceedings{haynes2016pipegen,
  title={PipeGen: Data pipe generator for hybrid analytics},
  author={Haynes, Brandon and Cheung, Alvin and Balazinska, Magdalena},
  booktitle={Proceedings of the Seventh ACM Symposium on Cloud Computing},
  pages={470--483},
  year={2016}
}

@inproceedings{tsoumakos2013case,
  title={The case for multi-engine data analytics},
  author={Tsoumakos, Dimitrios and Mantas, Christos},
  booktitle={European Conference on Parallel Processing},
  pages={406--415},
  year={2013},
  organization={Springer}
}
@article{murray2016incremental,
  title={Incremental, iterative data processing with timely dataflow},
  author={Murray, Derek G and McSherry, Frank and Isard, Michael and Isaacs, Rebecca and Barham, Paul and Abadi, Martin},
  journal={Communications of the ACM},
  volume={59},
  number={10},
  pages={75--83},
  year={2016},
  publisher={ACM New York, NY, USA}
}

@inproceedings{gittens2016matrix,
  title={Matrix factorizations at scale: A comparison of scientific data analytics in Spark and C+ MPI using three case studies},
  author={Gittens, Alex and Devarakonda, Aditya and Racah, Evan and Ringenburg, Michael and Gerhardt, Lisa and Kottalam, Jey and Liu, Jialin and Maschhoff, Kristyn and Canon, Shane and Chhugani, Jatin and others},
  booktitle={2016 IEEE International Conference on Big Data (Big Data)},
  pages={204--213},
  year={2016},
  organization={IEEE}
}

@article{yang2016husky,
  title={Husky: Towards a more efficient and expressive distributed computing framework},
  author={Yang, Fan and Li, Jinfeng and Cheng, James},
  journal={Proceedings of the VLDB Endowment},
  volume={9},
  number={5},
  pages={420--431},
  year={2016},
  publisher={VLDB Endowment}
}

@article{petersohn2020towards,
  title={Towards Scalable Dataframe Systems},
  author={Petersohn, Devin and Ma, William and Lee, Doris and Macke, Stephen and Xin, Doris and Mo, Xiangxi and Gonzalez, Joseph E and Hellerstein, Joseph M and Joseph, Anthony D and Parameswaran, Aditya},
  journal={arXiv preprint arXiv:2001.00888},
  year={2020}
}
